@article{Hughes2005Analysis,
author = { Mike   Hughes  and  Ian   Franks },
title = {Analysis of passing sequences, shots and goals in soccer},
journal = {Journal of Sports Sciences},
volume = {23},
number = {5},
pages = {509-514},
year  = {2005},
publisher = {Routledge},
}

@article{Ali2011Measuring,
author = {Ajmol Ali},
title = {Measuring soccer skill performance: a review},
journal = {Scandinavian Journal of Medicine \& Science in Sports},
volume = {21},
number = {2},
pages = {170-183},
year = {2011}
}

@article{reep1968skill,
  title={Skill and chance in association football},
  author={Reep, Charles and Benjamin, Bernard},
  journal={Journal of the Royal Statistical Society. Series A (General)},
  volume={131},
  number={4},
  pages={581--585},
  year={1968},
  publisher={JSTOR}
}

@Inbook{Craswell2009,
author="Craswell, Nick",
editor="LIU, LING
and {\"O}ZSU, M. TAMER",
title="Mean Reciprocal Rank",
bookTitle="Encyclopedia of Database Systems",
year="2009",
publisher="Springer US",
address="Boston, MA",
pages="1703--1703",
}

@incollection{NIPS2017_6907,
title = {LightGBM: A Highly Efficient Gradient Boosting Decision Tree},
author = {Ke, Guolin and Meng, Qi and Finley, Thomas and Wang, Taifeng and Chen, Wei and Ma, Weidong and Ye, Qiwei and Liu, Tie-Yan},
booktitle = {Advances in Neural Information Processing Systems 30},
editor = {I. Guyon and U. V. Luxburg and S. Bengio and H. Wallach and R. Fergus and S. Vishwanathan and R. Garnett},
pages = {3146--3154},
year = {2017},
}

@article{burges2010ranknet,
  title={From ranknet to lambdarank to lambdamart: An overview},
  author={Burges, Christopher JC},
  journal={Learning},
  volume={11},
  number={23-581},
  pages={81},
  year={2010}
}

@article{liu2009learning,
  title={Learning to rank for information retrieval},
  author={Liu, Tie-Yan and others},
  journal={Foundations and Trends{\textregistered} in Information Retrieval},
  volume={3},
  number={3},
  pages={225--331},
  year={2009},
  publisher={Now Publishers, Inc.}
}

@book{kuhn2013applied,
	title={Applied predictive modeling},
	author={Kuhn, Max and Johnson, Kjell},
	year={2013},
	publisher={Springer}
}


